@article{Wisdom2013PNAS,
author = {Wisdom, K M and Watson, J A and Qu, X and Liu, F and Watson, G S and Chen, C-H},
title = {{Self-cleaning of superhydrophobic surfaces by self-propelled jumping condensate}},
journal = {Proc. Nat. Acad. Sci.},
year = {2013},
volume = {110(20)},
pages = {7992--7997},
}

@misc{BendocapillaryRepo,
  title = {Code to run simulations and produce figures},
  howpublished = {\url{https://github.com/alextbradley/Bendocapillary}},
  note = {Accessed: 2021-02-02},
  author = {Bradley, A T},
  year = {2021}
}

@article{Py2007EPL,
author = {Py, C and Bastien, R and Bico, J and Roman, B and Boudaoud, A},
title = {{3D aggregation of wet fibers}},
journal = {Europhys. Lett.},
year = {2007},
volume = {77},
number = {4},
pages = {44005--6}
}

@article{Boudaoud2007PhysRevE,
author = {Boudaoud, A and Bico, J and Roman, B},
title = {{Elastocapillary coalescence: Aggregation and fragmentation with a maximal size}},
journal = {Phys. Rev. E},
year = {2007},
volume = {76},
number = {6},
pages = {557--4}
}


@article{Chandra2010AccChemRes,
author = {Chandra, D and Yang, S},
title = {{Stability of high-aspect-ratio micropillar arrays against Adhesive and Capillary Forces}},
journal = {Acc. Chem. Res.},
year = {2010},
volume = {43},
number = {8},
pages = {1080--1091}
}


@article{Gat2013JFM,
author = {Gat, A D and Gharib, M},
title = {{Elasto-capillary coalescence of multiple parallel sheets}},
journal = {J. Fluid Mech.},
year = {2013},
volume = {723},
pages = {692--705}
}


@article{Singh2014JFM,
author = {Singh, K and Lister, J R and Vella, D},
title = {{A fluid-mechanical model of elastocapillary coalescence}},
journal = {J. Fluid Mech.},
year = {2014},
volume = {745},
pages = {621--646}
}

@article{Wei2015PRSA,
author = {Wei, Z and Schneider, T M and Kim, J and Kim, H Y and Aizenberg, J and Mahadevan, L},
title = {{Elastocapillary coalescence of plates and pillars}},
journal = {Proc. Royal Soc. A},
year = {2015},
volume = {471},
number = {2175},
pages = {20140593}
}

@article{Hadjittofis2016JFM,
author = {Hadjittofis, A and Lister, J R and Singh, K and Vella, D},
title = {{Evaporation effects in elastocapillary aggregation}},
journal = {J. Fluid Mech.},
year = {2016},
volume = {792},
pages = {168--185}
}

@article{Kim2016PhysFluids,
author = {Kim, T-H and Kim, Jl and Kim, H-Y},
title = {{Evaporation-driven clustering of microscale pillars and lamellae}},
journal = {Phys. Fluids},
year = {2016},
volume = {28},
number = {2},
pages = {022003}
}


@article{Taroni2012JFM,
author = {Taroni, M and Vella, D},
title = {{Multiple equilibria in a simple elastocapillary system}},
journal = {J.  Fluid Mech.},
year = {2012},
volume = {712},
pages = {273--294}
}

@article{Bradley2019PRL,
author = {Bradley, A T and Box, F and Hewitt, I J and Vella, D},
title = {{Wettability-Independent Droplet Transport by Bendotaxis}},
journal = {Phys. Rev. Lett.},
year = {2019},
volume = {122},
number = {7},
pages = {074503}
}

@article{Bradley2021,
author = {Bradley, A T and Hewitt, I J and Vella, D},
title = {{When does contact angle hysteresis prevent \emph{bendotaxis}?}},
year = {2021},
}

@article{Hosoi2004PRL,
author = {Hosoi, A E and Mahadevan, L},
title = {{Peeling, Healing, and Bursting in a Lubricated Elastic Sheet}},
journal = {Phys. Rev. Lett.},
year = {2004},
volume = {93},
number = {13},
pages = {47--4}
}

@article{Reyssat2014JFM,
author = {Reyssat, E},
title = {{Drops and bubbles in wedges}},
journal = {J. Fluid Mech.},
year = {2014},
volume = {748},
pages = {641--662}
}


@book{Schiesser1991,
author = {Schiesser, W},
title = {{The Numerical Method of Lines: Integration of Partial Differential Equations}},
publisher = {Academic Press, San Diego},
year = {1991}
}



@article{Tanaka1993,
author = {Tanaka, T and Morigami, M and Atoda, N},
title = {{Mechanism of resist pattern collapse during development process}},
journal = {Jpn. J. Appl. Phys.},
year = {1993},
volume = {32},
pages = {6059}
}

@article{Zheng2015PRL,
  title={Controlling viscous fingering using time-dependent strategies},
  author={Zheng, Z and Kim, H and Stone, H A},
  journal={Phys. Rev. Lett.},
  volume={115},
  number={17},
  pages={174501},
  year={2015},
}


@article{Calvert2007Science,
  title={Printing cells},
  author={Calvert, P},
  journal={Science},
  volume={318},
  number={5848},
  pages={208--209},
  year={2007},
}

@article{Gallaway2010Electrochem,
  title={A lateral microfluidic cell for imaging electrodeposited zinc near the shorting condition},
  author={Gallaway, J W and Desai, D and Gaikwad, A and Corredor, C and Banerjee, S and Steingart, D},
  journal={J. Electrochem. Soc},
  volume={157},
  number={12},
  pages={A1279},
  year={2010},
}
@article{Halpern1992JFM,
  title={Fluid-elastic instabilities of liquid-lined flexible tubes},
  author={Halpern, D and Grotberg, J B},
  journal={J. Fluid Mech},
  volume={244},
  pages={615--632},
  year={1992},
}

@article{Zhao2003,
author = {Zhao, Y P and Wang, L S and and, TX Yu},
title = {{Mechanics of adhesion in MEMS{\textemdash}a review}},
journal = {J. Adhes. Sci. Technol.},
year = {2003},
volume = {17},
number = {4},
pages = {519--546}
}

@article{Chakrapani2004PNAS,
author = {Chakrapani, N and Wei, B and A Carrillo},
title = {{Capillarity-driven assembly of two-dimensional cellular carbon nanotube foams}},
journal = {Proc. Nat. Acad. Sci.},
year = {2004},
volume = {101},
number = {12},
pages = {4009--4012}
}

@article{DeVolder2013Angewandte,
author = {De Volder, M and Hart, A J},
title = {{Engineering hierarchical nanostructures by elastocapillary self-assembly}},
journal = {Angew. Chem.},
year = {2013},
volume = {52},
number = {9},
pages = {2412--2425}
}

@article{Pokroy2009Science,
author = {Pokroy, B and Kang, S H and Mahadevan, L and  Aizenberg, J},
title = {{Self-organization of a mesoscale bristle into ordered, hierarchical helical assemblies}},
journal = {Science},
year = {2009},
volume = {323},
number = {5911},
}

@article{Bico2004Nature,
author = {Bico, J and Roman, B and Moulin, L and Boudaoud, A},
title = {{Adhesion: Elastocapillary coalescence in wet hair}},
journal = {Nature},
year = {2004},
volume = {432},
number = {7018},
pages = {690--690}
}

@article{Chandra2009Langmuir,
author = {Chandra, D and Yang, S},
title = {{Capillary-force-induced clustering of micropillar arrays: Is it caused by isolated capillary bridges or by the lateral capillary meniscus interaction force?}},
journal = {Langmuir},
year = {2009},
volume = {25},
number = {18},
pages = {10430--10434}
}


@article{Chiodi2010EPL,
author = {Chiodi, F and Roman, B and Bico, J},
title = {{Piercing an interface with a brush: Collaborative stiffening}},
journal = {Europhys. Lett.},
year = {2010},
volume = {90},
number = {4},
pages = {44006--7}
}

@article{Wei2014EPL,
author = {Wei, Z and Mahadevan, L},
title = {{Continuum dynamics of elastocapillary coalescence and arrest}},
journal = {Europhys. Lett.},
year = {2014},
volume = {106},
number = {1},
pages = {14002--6}
}

@article{Langer1980RevModPhys,
  title={Instabilities and pattern formation in crystal growth},
  author={Langer, J S},
  journal={Rev. Mod. Phys.},
  volume={52},
  number={1},
  pages={1},
  year={1980}
}

@article{Eggers2008RepProgPhys,
  title={Physics of liquid jets},
  author={Eggers, J and Villermaux, E},
  journal={Rep. Prog. Phys.},
  volume={71},
  number={3},
  pages={036601},
  year={2008},
}

@article{Zhou2018Langmuir,
author = {Zhou, Ming and Chen, Kaikai and Li, Xiao and Liu, Lincong and Zeng, Qunfeng and Mo, Youtang and Jin, Long and Li, Liangchuan and Su, Guoshi and Che, Jiangliu and Tian, Yu},
title = {{Clumping stability of vertical nanofibers on surfaces}},
journal = {Langmuir},
year = {2018},
volume = {34},
number = {38},
pages = {11629--11636}
}


@phdthesis{BradleyPhDthesis,
  author       = {Bradley, A T}, 
  title        = {Droplet Transport by Bendotaxis},
  school       = {University of Oxford},
  year         = 2020
}

@book{Leal2007,
author = {Leal, L G},
title = {{Advanced Transport Phenomena}},
publisher = {Cambridge University Press},
year = {2007},
series = {Fluid Mechanics and Convective Transport Processes}
}

@book{Howell2009,
author = {Howell, P and Kozyreff, G and Ockendon, J},
title = {{Applied Solid Mechanics}},
publisher = {Cambridge University Press},
year = {2009},
address = {Cambridge}
}

@article{Howell2016JFM,
author = {Howell, P D and Kim, H and Popova, M G and Stone, H A},
title = {{Rivulet flow over a flexible beam}},
journal = {J. Fluid Mech.},
year = {2016},
volume = {796},
pages = {285--305}
}

@article{Mastrangelo1993JMEMS,
author = {Mastrangelo, C H and Hsu, C H},
title = {{Mechanical stability and adhesion of microstructures under capillary forces-part I: Basic theory}},
journal = {J. Microelectromech. Sys.},
year = {1993},
volume = {2(1)},
pages = {33--43}
}


@article{Aristoff2011IntJNonlinMech,
author = {Aristoff, J M and Duprat, C and Stone, H A},
title = {{Elastocapillary imbibition}},
journal = {Int. J. Non-Linear Mech.},
year = {2011},
volume = {46},
number = {4},
pages = {648--656}
}


@article{Duprat2011JFM,
author = {Duprat, C and Aristoff, J M and Stone, H A},
title = {{Dynamics of elastocapillary rise}},
journal = {J. Fluid Mech.},
year = {2011},
volume = {679},
pages = {641--654}
}


@article{Zhornitskaya2006SIAMNA,
author = {Zhornitskaya, L and Bertozzi, A L},
title = {{Positivity-preserving numerical schemes for lubrication-type equations}},
journal = {SIAM J. Numer. Anal.},
year = {2006},
volume = {37},
number = {2},
pages = {523--555}
}

@article{Shampine2007ACM,
author = {Shampine, L F},
title = {{Accurate numerical derivatives in MATLAB}},
journal = {ACM Trans. Math. Softw.},
year = {2007},
volume = {33},
number = {4},
pages = {26},
}


@article{Prakash2008Science,
author = {Prakash, M and Qu{\'e}r{\'e}, D and Bush, J W M},
title = {{Surface tension transport of prey by feeding shorebirds: The capillary ratchet}},
journal = {Science},
year = {2008},
volume = {320},
number = {5878},
pages = {931--934}
}

@book{deGennes2004,
author = {de Gennes, P-G and Brochard-Wyart, F and Quere, D},
title = {{Capillarity and Wetting Phenomena: Drops, Bubbles, Pearls, Waves}},
publisher = {Springer},
year = {2004}
}

@article{Washburn1921PhysRev,
author = {Washburn, E W},
title = {{The dynamics of capillary flow}},
journal = {Phys. Rev.},
year = {1921},
volume = {17},
number = {3},
pages = {273--283}
}

@article{Hu2002JPhysChemB,
author = {Hu, H and Larson, R G},
title = {{Evaporation of a sessile droplet on a substrate}},
journal = {J. Phys. Chem. B},
year = {2002},
volume = {106},
number = {6},
pages = {1334--1344}
}



@book{Plateau1873,
author = {Plateau, J},
title = {{Statique exp{\'e}rimentale et th{\'e}or{\'e}tique des liquides soumis aux seules forces mol{\'e}culaires}},
publisher = {Gautier-Villars},
year = {1873},
address = {Paris}
}

@article{Rayleigh1879PRSL,
author = {Rayleigh, L},
title = {{On the capillary phenomena of jets}},
journal = {Proc. R. Soc. London},
year = {1879},
volume = {29},
number = {71},
}

@article{Rayleigh1892PhilosMag,
author = {Rayleigh, L},
title = {{On the instability of a cylinder of viscous liquid under capillary force}},
journal = {Philos. Mag.},
year = {1892},
volume = {34},
number = {207},
pages = {145--154}
}

@article{LedesmaAguilar2017SoftMatter,
author = {Ledesma-Aguilar, R and Laghezza, G and Yeomans, J M and Vella, D},
title = {{Using evaporation to control capillary instabilities in micro-systems}},
journal = {Soft Matter},
year = {2017},
volume = {13},
number = {47},
pages = {8947--8956}
}

@article{Keiser2016JFM,
author = {Keiser, L and Herbaut, R and Bico, J and Reyssat, E},
title = {{Washing wedges: capillary instability in a gradient of confinement}},
journal = {J. Fluid Mech.},
year = {2016},
volume = {790},
pages = {619--633}
}

@book{Reddy2006,
  title={Theory and analysis of elastic plates and shells},
  author={Reddy, J N},
  year={2006},
  publisher={CRC press}
}

@article{AlHousseiny2013PhysFlu,
author = {Al-Housseiny, T T and Stone, H A},
title = {{Controlling viscous fingering in tapered Hele-Shaw cells}},
journal = {Phys. Fluids},
year = {2013},
volume = {25},
number = {9},
pages = {092102}
}

@article{AlHousseiny2012NaturePhysics,
author = {Al-Housseiny, T T and Tsai, P A and Stone, H A},
title = {{Control of interfacial instabilities using flow geometry}},
journal = {Nat. Phys.},
year = {2012},
volume = {8},
number = {10},
pages = {747--750}
}

@article{PihlerPuzovic2013JFM,
author = {Pihler-Puzovi{\'c}, D and P{\'e}rillat, R and Russell, M and Juel, A and Heil, M},
title = {{Modelling the suppression of viscous fingering in elastic-walled Hele-Shaw cells}},
journal = {J. Fluid Mech.},
year = {2013},
volume = {731},
pages = {162--183}
}

@article{Saffman1958PRSL,
author = {Saffman, P G and Taylor, G I},
title = {{The penetration of a fluid into a porous medium or Hele-Shaw cell containing a more viscous liquid}},
journal = {Proceedings of the Royal Society of London},
year = {1958},
volume = {245},
number = {1242},
pages = {312--329}
}

@article{Pini2016SciRep,
author = {Pini, V and Ruz, J J and Kosaka, P M and Malvar, O and Calleja, M and Tamayo, J},
title = {{How two-dimensional bending can extraordinarily stiffen thin sheets}},
journal = {Sci. Rep},
year = {2016},
volume = {6},
number = {1},
pages = {33--6}
}


@book{Timoshenko1959,
  title={Theory of Plates and Shells},
  author={Timoshenko, S. and Woinowsky-Krieger, S.},
  year={1959},
  publisher={McGraw-Hill}
}



@article{Kierzenka2001BVP,
author = {Kierzenka, J and Shampine, L F},
title = {{A BVP solver based on residual control and the MATLAB PSE}},
journal = {ACM Trans. Math. Softw.},
year = {2001},
volume = {27},
number = {3},
pages = {299--316}
}

@article{vanHonschoten2007JApplPhys,
author = {van Honschoten, J W and Escalante, M and Tas, N R and Jansen, H V and Elwenspoek, M},
title = {{Elastocapillary filling of deformable nanochannels}},
journal = {J. Appl. Phys.},
year = {2007},
volume = {101},
number = {9},
pages = {094310--7}
}


@article{Wong2011Nature,
author = {Wong, T-S and Kang, S H and Tang, S K Y and Smythe, E J and Hatton, B D and Grinthal, A and Aizenberg, J},
title = {{Bioinspired self-repairing slippery surfaces with pressure-stable omniphobicity}},
journal = {Nature},
year = {2011},
volume = {477},
number = {7365},
pages = {443--447}
}

@article{Landau1942,
author = {Landau, L D and Levich, V G},
title = {{Dragging of a liquid by a moving plate}},
journal = {Acta Physicochim. USSR},
year = {1942},
volume = {17},
pages = {42--54}
}


@article{Li2018AFM,
author = {Li, J and Ueda, E and Paulssen, D and Levkin, P A},
title = {{Slippery Lubricant-Infused Surfaces: Properties and Emerging Applications}},
journal = {Advanced Functional Materials},
year = {2018},
volume = {29},
number = {4},
pages = {1802317--13}
}

@article{Keiser2017SoftMatter,
author = {Keiser, A and Keiser, L and Clanet, C and Qu{\'e}r{\'e}, D},
title = {{Drop friction on liquid-infused materials}},
journal = {Soft Matter},
year = {2017},
volume = {13},
number = {39},
pages = {6981--6987}
}

@article{RuizGutierrez2017PRL,
author = {Ruiz-Guti{\'e}rrez, {\'E} and Guan, J H and Xu, B and McHale, G and Wells, G G and Ledesma-Aguilar, R},
title = {{Energy invariance in capillary systems}},
journal = {Phys. Rev. Lett.},
year = {2017},
volume = {118},
number = {21},
pages = {218003--5}
}

@article{Guan2017SoftMatter,
author = {Guan, J H and Ruiz-Guti{\'e}rrez, {\'E} and Xu, B B and Wood, D and McHale, G and Ledesma-Aguilar, R and Wells, G G},
title = {{Drop transport and positioning on lubricant-impregnated surfaces}},
journal = {Soft Matter},
year = {2017},
volume = {13},
pages = {3404--3410}
}


@article{Renvoise2009EPL,
author = {Renvois{\'e}, P and Bush, J W M and Prakash, M and Qu{\'e}r{\'e}, D},
title = {{Drop propulsion in tapered tubes}},
journal = {Europhys. Lett.},
year = {2009},
volume = {86},
number = {6},
pages = {64003--6}
}

@article{Majidi2007MechRes,
author = {Majidi, C},
title = {{Remarks on formulating an adhesion problem using Euler{\textquoteright}s elastica}},
journal = {Mech. Res. Comm.},
year = {2007},
volume = {34},
number = {1},
pages = {85--90}
}

@article{Kim2006JFM,
author = {Kim, H-Y and Mahadevan, L},
title = {{Capillary rise between elastic sheets}},
journal = {J. Fluid Mech.},
year = {2006},
volume = {548},
pages = {141--150}
}

@article{Bush2010AdvCollIntsci,
author = {Bush, J W M and Peaudecerf, F and Prakash, M and Qu{\'e}r{\'e}, D},
title = {{On a tweezer for droplets}},
journal = {Adv. Colloid Interface Sci},
year = {2010},
volume = {161},
number = {1-2},
pages = {10--14}
}

@article{Canny1987,
author = {Canny, J},
title = {{A computational approach to edge detection}},
journal = {IEEE Trans. Pattern Anal. Mach. Intell.},
year = {1987},
volume = {6},
pages = {679--698}
}

@article{Hintze1998AmStat,
author = {Hintze, J L and Nelson, R D},
title = {{Violin plots: A box plot-density trace synergism}},
journal = {Am. Stat.},
year = {1998},
volume = {52},
number = {2},
pages = {181--184},
month = may
}

@article{Sheather2004StatSci,
author = {Sheather, S J},
title = {{Density estimation}},
journal = {Stat. Sci.},
year = {2004},
volume = {19},
number = {4},
pages = {588--597}
}

 @article{Protiere2010EPL,
author = {Proti{\`e}re, S and Bazant, M Z and Weitz, D A and Stone, H A},
title = {{Droplet breakup in flow past an obstacle: A capillary instability due to permeability variations}},
journal = {Europhys. Lett.},
year = {2010},
volume = {92},
number = {5},
pages = {54002--7}
}

@article{Stauffer1965Pendant,
author = {Stauffer, C E},
title = {{The measurement of surface tension by the pendant drop technique}},
journal = {J. Phys. Chem.},
year = {1965},
volume = {69},
number = {6},
pages = {1933--1938}
}


@article{Takamura2012JPetSci,
author = {Takamura, K and Fischer, H and Morrow, N R},
title = {{Physical properties of aqueous glycerol solutions}},
journal = {J. Petr. Sci. Eng.},
year = {2012},
volume = {98},
pages = {50--60}
}

@article{Schneider2012,
author = {Schneider, C A and Rasband, W S and Eliceiri, K W},
title = {{NIH Image to ImageJ: 25 years of image analysis}},
journal = {Nat. Methods},
year = {2012},
volume = {9},
number = {7},
pages = {671--675}
}

@article{Schellenberger2015SoftMatter,
author = {Schellenberger, F and Xie, J and Encinas, N and Hardy, A and Klapper, M and Papadopoulos, P and Butt, H-J and Vollmer, D},
title = {{Direct observation of drops on slippery lubricant-infused surfaces}},
journal = {Soft Matter},
year = {2015},
volume = {11},
number = {38},
pages = {7617--7626}
}


@article{McHale2019Langmuir,
author = {McHale, G and Orme, B V and Wells, G G and Ledesma-Aguilar, R},
title = {{Apparent contact angles on lubricant-impregnated surfaces/SLIPS: From superhydrophobicity to electrowetting}},
journal = {Langmuir},
year = {2019},
volume = {35},
number = {11},
pages = {4197--4204}
}

@article{Son2003Macromolecules,
author = {Son, Y and Martys, N S and Hagedorn, J G and Migler, K B},
title = {{Suppression of capillary instability of a polymeric thread via parallel plate confinement}},
journal = {Macromolecules},
year = {2003},
volume = {36},
number = {15},
pages = {5825--5833}
}

@article{PihlerPuzovic2012PRL,
author = {Pihler-Puzovi{\'c}, D and Illien, P and Heil, M and Juel, A},
title = {{Suppression of Complex Fingerlike Patterns at the Interface between Air and a Viscous Fluid by Elastic Membranes}},
journal = {Physical Review Letters},
year = {2012},
volume = {108},
number = {7},
pages = {074502--5}
}


@article{Blossey2003Nature,
author = {Blossey, R},
title = {{Self-cleaning surfaces {\textemdash} virtual realities}},
journal = {Nat. Mater.},
year = {2003},
volume = {2},
number = {5},
pages = {301--306}
}

@article{Liu2012AnnRevMaterSci,
author = {Liu, K and Jiang, L},
title = {{Bio-inspired self-cleaning surfaces}},
journal = {Annu. Rev. Mater. Sci.},
year = {2012},
volume = {42},
number = {1},
pages = {231--263}
}

@article{Ma2006CurrOpCollSci,
author = {Ma, M and Hill, R M},
title = {{Superhydrophobic surfaces}},
journal = {Curr. Opin. Colloid Interface Sci.},
year = {2006},
volume = {11},
number = {4},
pages = {193--202}
}

@article{Jeevahan2017JCoatTechnolRes,
author = {Jeevahan, J and Chandrasekaran, M and Joseph, G B and Durairaj, R B and Mageshwaran, G},
title = {{Superhydrophobic surfaces: a review on fundamentals, applications, and challenges}},
journal = {J. Coat. Technol. Res.},
year = {2017},
volume = {15},
number = {2},
pages = {231--250}
}

@article{Barthlott1997Planta,
author = {Barthlott, W and Neinhuis, C},
title = {{Purity of the sacred lotus, or escape from contamination in biological surfaces}},
journal = {Planta},
year = {1997},
volume = {202},
pages = {1--8}
}

@article{Marmur2004Langmuir,
author = {Marmur, A},
title = {{The lotus effect:~superhydrophobicity and metastability}},
journal = {Langmuir},
year = {2004},
volume = {20},
number = {9},
pages = {3517--3519}
}


@article{deGennes1985RevModPhy,
author = {de Gennes, P-G},
title = {{Wetting: statics and dynamics}},
journal = {Rev. Mod. Phys.},
year = {1985},
volume = {57.3},
pages = {827--863}
}

@article{Young1805PhilosTrans,
author = {Young, T},
title = {{III. An essay on the cohesion of fluids}},
journal = {Philos. Trans. R. Soc. London},
year = {1805},
volume = {95},
pages = {65--87}
}

@article{Blow2010Langmuir,
author = {Blow, M L and Yeomans, J M},
title = {{Superhydrophobicity on hairy surfaces}},
journal = {Langmuir},
year = {2010},
volume = {26},
number = {20},
pages = {16071--16083}
}

@article{Cassie1948FaradayDiscuss,
author = {Cassie, A B D},
title = {{Contact angles}},
journal = {Faraday Discuss.},
year = {1948},
volume = {3},
pages = {11--6}
}

@article{Cassie1944TransFaraday,
author = {Cassie, A B D and Baxter, S},
title = {{Wettability of porous surfaces}},
journal = {Trans. Faraday. Soc.},
year = {1944},
volume = {40},
pages = {546--6}
}

@article{Neinhuis1997AnnBot,
author = {Neinhuis, C and Barthlott, W},
title = {{Characterization and distribution of water-repellent, self-cleaning plant surfaces}},
journal = {Ann.  Bot.},
year = {1997},
pages = {1--11}
}

@article{Attinger2016Nanoscale,
author = {Attinger, D and Frankiewicz, C},
title = {{Texture and wettability of metallic lotus leaves}},
journal = {Nanoscale},
year = {2016},
volume = {8},
pages = {3982--3990},
}

@article{Bico1999EPL,
author = {Bico, J and Marzolin, C and Qu{\'e}r{\'e}, D},
title = {{Pearl drops}},
journal = {Europhys. Lett.},
year = {1999},
volume = {47},
number = {2},
pages = {220--226}
}

@article{Cheng2005bAPL,
author = {Cheng, Y-T and Rodak, D E and Angelopoulos, A and Gacek, T},
title = {{Microscopic observations of condensation of water on lotus leaves}},
journal = {Appl. Phys. Lett.},
year = {2005},
volume = {87},
number = {19},
pages = {194112--4}
}

@article{Cheng2005aAPL,
author = {Cheng, Y-T and Rodak, D E},
title = {{Is the lotus leaf superhydrophobic?}},
journal = {Appl. Phys. Lett.},
year = {2005},
volume = {86},
number = {14},
pages = {144101--4}
}

@article{Dorrer2007Langmuir,
author = {Dorrer, C and R{\"u}he, J},
title = {{Condensation and wetting transitions on microstructured ultrahydrophobic Surfaces}},
journal = {Langmuir},
year = {2007},
volume = {23},
number = {7},
pages = {3820--3824}
}

@article{Varanasi2009APL,
author = {Varanasi, K K and Hsu, M and Bhate, N and Yang, Wensha and Deng, T},
title = {{Spatial control in the heterogeneous nucleation of water}},
journal = {Appl. Phys. Lett.},
year = {2009},
volume = {95},
number = {9},
pages = {094101--5}
}

@article{Wenzel1949JPhysChem,
author = {Wenzel, R N},
title = {{Surface roughness and contact angle.}},
journal = {J. Phys. Chem.},
year = {1949},
volume = {53},
number = {9},
pages = {1466--1467}
}

@article{Gu2003AngewChem,
author = {Gu, Z-Z and U, H and Takahashi, K and Nakajima, R and Onishi, H and Fujishima, A and Sato, O},
title = {{Structural Color and the Lotus Effect}},
journal = {Angew. Chem.},
year = {2003},
volume = {42(8)},
pages = {894--897}
}

@article{Chen2018PLOSone,
author = {Chen, T and Cong, Q and Qi, Y and Jin, J and Choy, K-L},
title = {{Hydrophobic durability characteristics of butterfly wing surface after freezing cycles towards the design of nature inspired anti-icing surfaces}},
journal = {PLOS ONE},
year = {2018},
volume = {13},
number = {1}
}

@article{Xu2016RSCadv,
author = {Xu, W and Lan, Z and Peng, B L and Wen, R F and Ma, X H},
title = {{Effect of nano structures on the nucleus wetting modes during water vapour condensation: from individual groove to nano-array surface}},
journal = {RSC Adv.},
year = {2016},
volume = {6},
number = {10},
pages = {7923--7932}
}


@article{Quere2005RepProgPhys,
author = {Qu{\'e}r{\'e}, D},
title = {{Non-sticking drops}},
journal = {Rep. Prog. Phys.},
year = {2005},
volume = {68},
number = {11},
pages = {2495--2532}
}

@article{Boreyko2009PRL,
author = {Boreyko, J B and Chen, C-H},
title = {{Self-propelled dropwise condensate on superhydrophobic surfaces}},
journal = {Phys. Rev. Lett.},
year = {2009},
volume = {103},
number = {18},
pages = {184501},
}

@article{Boreyko2010PhysFlu,
author = {Boreyko, J B and Chen, C-H},
title = {{Self-propelled jumping drops on superhydrophobic surfaces}},
journal = {Phys. Flu.},
year = {2010},
volume = {22},
number = {9},
pages = {091110}
}

@article{Mouterde2017NatMater,
author = {Mouterde, T and Lehoucq, G and Xavier, S and Checco, A and Black, C T and Rahman, A and Midavaine, T and Clanet, C and Qu{\'e}r{\'e}, D},
title = {{Antifogging abilities of model nanotextures}},
journal = {Nat. Mater.},
year = {2017},
volume = {16},
number = {6},
pages = {658--663}
}

@article{Scriven1960Nature,
author = {Scriven, L E and Sternling, CV},
title = {{The marangoni effects}},
journal = {Nature},
year = {1960},
volume = {187},
number = {4733},
pages = {186--188}
}

@article{Marangoni1871AnnPhys,
author = {Marangoni, Carl},
title = {{Ueber die Ausbreitung der Tropfen einer Fl{\"u}ssigkeit auf der Oberfl{\"a}che einer anderen}},
journal = {Ann. Phys.},
year = {1871},
volume = {219},
number = {7},
pages = {337--354}
}
@article{Thomson1855,
author = {Thomson, J},
title = {{XLII. On certain curious motions observable at the surfaces of wine and other alcoholic liquors}},
journal = {Philos. Mag.},
year = {1855},
volume = {10:67},
pages = {330--333}
}



@article{Brzoska1993Langmuir,
author = {Brzoska, J B and Brochard-Wyart, F and Rondelez, F},
title = {{Motions of droplets on hydrophobic model surfaces induced by thermal gradients}},
journal = {Langmuir},
year = {1993},
volume = {9},
number = {8},
pages = {2220--2224}
}

@article{Pratap2008Langmuir,
author = {Pratap, V and Moumen, N and Subramanian, R S},
title = {{Thermocapillary motion of a liquid drop on a horizontal solid surface}},
journal = {Langmuir},
year = {2008},
volume = {24},
number = {9},
pages = {5185--5193}
}

@article{Chaudhury1992Science,
author = {Chaudhury, M K and Whitesides, G M},
title = {{How to make water run uphill}},
journal = {Science},
year = {1992},
volume = {256},
number = {5063},
pages = {1539--1541}
}

@article{Daniel2001Science,
author = {Daniel, S and Chaudhury, M K and Chen, J C},
title = {{Fast drop movements resulting from the phase change on a gradient surface}},
journal = {Science},
year = {2001},
volume = {291},
number = {5504}
}

@article{Gallardo1999Science,
author = {Gallardo, B S and Gupta, V K and Eagerton, F D and Jong, L I and Craig, V S and Shah, R R and Abbott, N L},
title = {{Electrochemical principles for active control of liquids on submillimeter scales}},
journal = {Science},
year = {1999},
volume = {283},
number = {5398},
pages = {57--60}
}


@article{Ichimura2000Science,
author = {Ichimura, K and Oh, S-K and Nakagawa, M},
title = {{Light-driven motion of liquids on a photoresponsive surface}},
journal = {Science},
year = {2000},
volume = {288},
number = {5471},
pages = {1624--1626}
}

@article{Weber1855,
author = {Weber, E. H.},
title = {Mikroskopische Beobachtungen sehr gesetzmässiger Bewegungen, welche die Bildung von Niederschlägen harziger Körper aus Weingeist begleiten},
journal = {Ann. Phys.},
volume = {170},
number = {3},
pages = {447-459},
year = {1855}
}


@article{DosSantos1995PRL,
author = {Dos Santos, F D and Ondar{\c c}uhu, T},
title = {{Free-running droplets}},
journal = {Phys. Rev. Lett.},
year = {1995},
volume = {75},
number = {16},
pages = {2972}
}

@phdthesis{Lippmann1875,
  title={Relations entre les ph{\'e}nom{\`e}nes {\'e}lectriques et capillaires},
  author={Lippmann, G},
  year={1875},
  school={Gauthier-Villars Paris, France:}
}

@article{Mugele2005JPhysCond,
author = {Mugele, F and Baret, J-C},
title = {{Electrowetting: from basics to applications}},
journal = { J. Phys. Condens. Matter},
year = {2005},
volume = {17},
number = {28},
pages = {R705--R774}
}

@inbook{Zisman1964,
author = {ZISMAN, W. A.},
title = {Relation of the Equilibrium Contact Angle to Liquid and Solid Constitution},
booktitle = {Contact Angle, Wettability, and Adhesion},
chapter = {1},
pages = {1-51},
year = {1964}
}

@article{Tersoff2009Science,
author = {Tersoff, J and Jesson, D E and Tang, W X},
title = {{Running Droplets of Gallium from Evaporation of Gallium Arsenide}},
journal = {Science},
year = {2009},
volume = {324},
number = {5924},
pages = {236--238}
}

@incollection{COTTINGTON1964,
author = {Cottington, R L and Murphy, C M and Singleterry, C R},
title = {{Effect of polar-nonpolar additives on oil spreading on solids, with applications to nonspreading oils}},
booktitle = {Contact Angle, Wettability, and Adhesion},
year = {1964},
publisher = {American Chemical Society},
address = {Washington, D.C.}
}

@article{John2005EPJE,
author = {John, K and B{\"a}r, M and Thiele, U},
title = {{Self-propelled running droplets on solid substrates driven by chemical reactions}},
journal = {Eur. Phys. J. E.},
year = {2005},
volume = {18},
number = {2},
pages = {183--199}
}

@article{Shastry2006Langmuir,
author = {Shastry, A and Case, M J and B{\"o}hringer, K F},
title = {{Directing droplets using microstructured surfaces}},
journal = {Langmuir},
year = {2006},
volume = {22},
number = {14},
pages = {6161--6167}
}

@article{Bico2002JFM,
author = {Bico, J and Qu{\'e}r{\'e}, D},
title = {{Self-propelling slugs}},
journal = {J. Fluid Mech.},
year = {2002},
volume = {467},
pages = {101--127}
}

@article{Hauksbee1710iii,
  title={iii. An account of an experiment touching the direction of a Drop of Oil of Oranges, between two glass planes, towards any side of them that is nearest press'd together.},
  author={Hauksbee, F},
  journal={Philos. Trans. Royal Soc.},
  volume={27},
  number={332},
  pages={395--396},
  year={1710}
}

@article{Lorenceau1999JFM,
author = {Lorenceau, L and Qu{\'e}r{\'e}, D},
title = {{Drops on a conical wire}},
journal = {J. Fluid Mech.},
year = {1999},
volume = {510},
pages = {29--45}
}

@article{Michielsen2011Langmuir,
author = {Michielsen, S and Zhang, J and Du, J and Lee, H J},
title = {{Gibbs free energy of liquid drops on conical fibers}},
journal = {Langmuir},
year = {2011},
volume = {27},
number = {19},
pages = {11867--11872}
}

@article{Lv2014PRL,
author = {Lv, C and Chen, C and Chuang, Y-C and Tseng, F-G and Yin, Y and Grey, F and Zheng, Q},
title = {{Substrate curvature gradient drives rapid droplet motion}},
journal = {Phys. Rev. Lett.},
year = {2014},
volume = {113},
number = {2},
pages = {026101},
}

@article{McCarthy2019SoftMatter,
author = {McCarthy, J and Vella, D and Castrejon-Pita, A A},
title = {{Dynamics of droplets on cones: self-propulsion due to curvature gradients}},
journal = {Soft Matter},
year = {2019},
volume = {15},
number = {48},
pages = {9997--10004}
}

@article{Style2013PNAS,
author = {Style, R W and Che, Y and Park, S J and Weon, B M and Je, J H and Hyland, C and German, G K and Power, M and Wilen, L A and Wettlaufer, J S and Dufresne, E R},
title = {{Patterning droplets with durotaxis}},
journal = {Proc. Natl. Acad. Sci.},
year = {2013},
volume = {110},
number = {31},
pages = {12541--12544}
}

@article{Lo2000Biophys,
author = {Lo, C-M and Wang, H-B and Dembo, M and Wang, Y},
title = {{Cell movement is guided by the rigidity of the substrate}},
journal = {Biophys. J.},
year = {2000},
volume = {79},
number = {1},
pages = {144--152}
}


@article{Bueno2018SoftMatter,
author = {Bueno, J and Bazilevs, Y and Juanes, R and Gomez, H},
title = {{Wettability control of droplet durotaxis}},
journal = {Soft Matter},
year = {2018},
volume = {14},
number = {8},
pages = {1417--1426},
}

@article{Bueno2017EML,
author = {Bueno, J and Bazilevs, Y and Juanes, R and Gomez, H},
title = {{Droplet motion driven by tensotaxis}},
journal = {Extreme Mech. Lett.},
year = {2017},
volume = {13},
pages = {10--16}
}

@article{Karpitschka2016PNAS,
author = {Karpitschka, S and Pandey, A and Lubbers, L A and Weijs, J H and Botto, L and Das, S and Andreotti, B and Snoeijer, J H},
title = {{Liquid drops attract or repel by the inverted Cheerios effect}},
journal = {Proc. Natl. Acad. Sci.},
year = {2016},
volume = {113},
number = {27},
pages = {7403--7407}
}

@article{Vella2005AJP,
author = {Vella, D and Mahadevan, L},
title = {{The {\textquotedblleft}Cheerios effect{\textquotedblright}}},
journal = { Am. J. Phys.},
year = {2005},
volume = {73},
number = {9},
pages = {817--825}
}

@article{Wang2015PNAS,
author = {Wang, Q and Yao, X and Liu, H and Qu{\'e}r{\'e}, D and Jiang, L},
title = {{Self-removal of condensed water on the legs of water striders}},
journal = {Proc. Natl. Acad. Sci.},
year = {2015},
volume = {112},
number = {30},
pages = {9247--9252}
}

@article{Bush2006AnnRevFluidMech,
author = {Bush, J W M and Hu, D L},
title = {{Walking on water: biolocomotion at the interface}},
journal = {Annu. Rev. Fluid Mech.},
year = {2006},
volume = {38},
pages = {339--369}
}

@article{Lee2009JFM,
author = {Lee, D-G and Kim, H-Y},
title = {{The role of superhydrophobicity in the adhesion of a floating cylinder}},
journal = {J. Fluid Mech.},
year = {2009},
volume = {624},
pages = {23--32}
}

@incollection{Bush2007,
author = {Bush, J W M and Hu, David L and Prakash, Manu},
title = {{The Integument of Water-walking Arthropods: Form and Function}},
booktitle = {Insect Mechanics and Control},
year = {2007},
pages = {117--192},
volume = {34},
publisher = {Academic Press}
}

@article{Gao2004Nature,
author = {Gao, X and Jiang, L},
title = {{Water-repellent legs of water striders}},
journal = {Nature},
year = {2004},
volume = {432},
pages = {36}
}

@article{Seemann2011JPhysCondMat,
author = {Seemann, R and Brinkmann, M and Herminghaus, S and Khare, K and Law, B M and McBride, S and Kostourou, K and Gurevich, E and Bommer, S and Herrmann, C and Michler, D},
title = {{Wetting morphologies and their transitions in grooved substrates}},
journal = { J. Phys. Condens. Matter},
year = {2011},
volume = {23},
number = {18},
pages = {184108--17}
}

@article{Yager2006Nature,
author = {Yager, P and Edwards, T and Fu, E and Helton, K and Nelson, K and Tam, M R and Weigl, B H},
title = {{Microfluidic diagnostic technologies for global public health}},
journal = {Nature},
year = {2006},
volume = {442},
number = {7101},
pages = {412--418}
}

@article{Andrews2011Langmuir,
author = {Andrews, H G and Eccles, E A and Schofield, W C E and Badyal, J P S},
title = {{Three-dimensional hierarchical structures for fog harvesting}},
journal = {Langmuir},
year = {2011},
volume = {27},
number = {7},
pages = {3798--3802}
}

@article{Srinivasarao2001Science,
author = {Srinivasarao, M and Collings, D and Philips, A and Patel S},
title = {{Three-dimensionally ordered array of air bubbles in a polymer film}},
journal = {Science},
year = {2001},
volume = {292},
number = {5514},
pages = {79--83}
}

@article{Squires2005RevModPhys,
author = {Squires, T M and Quake, S R},
title = {{Microfluidics: Fluid physics at the nanoliter scale}},
journal = {Rev. Mod. Phys.},
year = {2005},
volume = {77},
number = {3},
pages = {977--1026}
}

@book{Laplace1799,
  title={Trait{\'e} de m{\'e}canique c{\'e}leste},
  author={Laplace, P S},
  volume={1},
  year={1799},
  publisher={de l'Imprimerie de Crapelet}
}

@article{Style2017AnnRevCondMatPhs,
author = {Style, R W and Jagota, A and Hui, C-Y and Dufresne, E R},
title = {{Elastocapillarity: Surface Tension and the Mechanics of Soft Solids}},
journal = {Annu. Rev. Condens. Matter Phys},
year = {2017},
volume = {8},
number = {1},
pages = {99--118}
}

@article{Bico2018AnnRevFluidMech,
author = {Bico, J and Reyssat, E and Roman, B},
title = {{Elastocapillarity: When surface tension deforms elastic solids}},
journal = {Annu. Rev. Fluid Mech.},
year = {2018},
volume = {50},
number = {1},
pages = {629--659}
}

@article{Duprat2012Nature,
author = {Duprat, C and Protiere, S and Beebe, A Y and Stone, H A},
title = {{Wetting of flexible fibre arrays}},
journal = {Nature},
year = {2012},
volume = {482},
number = {7386},
pages = {510--513}
}

@article{Elettro2016PNAS,
author = {Elettro, H and Neukirch, S and Vollrath, F and Antkowiak, A},
title = {{In-drop capillary spooling of spider capture thread inspires hybrid fibers with mixed solid{\textendash}liquid mechanical properties}},
journal = {Proc. Natl. Acad. Sci.},
year = {2016},
volume = {113},
number = {22},
pages = {6143--6147}
}

@article{Py2007PRL,
author = {Py, C and Reverdy, P and Doppler, L and Bico, J and Roman, B and Baroud, C N},
title = {{Capillary Origami: Spontaneous Wrapping of a Droplet with an Elastic Sheet}},
journal = {Phys. Rev. Lett.},
year = {2007},
volume = {98},
number = {15},
pages = {156103},
}


@article{Li2007ChemSocRev,
author = {Li, X-M and Reinhoudt, D and Crego-Calama, M},
title = {{What do we need for a superhydrophobic surface? A review on the recent progress in the preparation of superhydrophobic surfaces}},
journal = {Chem. Soc. Rev.},
year = {2007},
volume = {36},
number = {8},
pages = {1350--19}
}

@article{Gorce2016Langmuir,
author = {Gorce, J-B and Hewitt, I J and Vella, D},
title = {{Capillary imbibition into converging tubes: beating Washburn{\textquoteright}s law and the optimal imbibition of liquids}},
journal = {Langmuir},
year = {2016},
volume = {32},
number = {6},
pages = {1560--1567}
}

@article{Liu2011Nanoscale,
author = {Liu, K and Jiang, L},
title = {{Metallic surfaces with special wettability}},
journal = {Nanoscale},
year = {2011},
volume = {3},
number = {3},
pages = {825--14}
}

@article{McHale2010SoftMatter,
author = {McHale, G and Newton, M I and Shirtcliffe, N J},
title = {{Immersed superhydrophobic surfaces: Gas exchange, slip and drag reduction properties}},
journal = {Soft Matter},
year = {2010},
volume = {6},
number = {4},
pages = {714--719}
}

@article{Meuler2010ACSnano,
author = {Meuler, A J and McKinley, G H and Cohen, R E},
title = {{Exploiting topographical texture to impart icephobicity}},
journal = {ACS Nano},
year = {2010},
volume = {4},
number = {12},
pages = {7048--7052}
}

@book{Tait1883,
author = {Tait, P G and Kelvin, L},
title = {{Treatise on Natural Philosophy, Vol 1, Part 2}},
publisher = {Cambridge University Press},
year = {1883}
}

@article{Simpson2015RepProgPhys,
author = {Simpson, J T and Hunter, S R and Aytug, T},
title = {{Superhydrophobic materials and coatings: a review}},
journal = {Rep. Prog. Phys.},
year = {2015},
volume = {78},
number = {8},
pages = {086501--15}
}


@article{Bico2001EPL,
author = {Bico, J and Tordeux, C and Qu{\'e}r{\'e}, D},
title = {{Rough wetting}},
journal = {Europhys. Lett.},
year = {2001},
volume = {55},
number = {2},
pages = {214--220},
}

@article{Lafuma2003NatureMat,
author = {Lafuma, A and Qu{\'e}r{\'e}, D},
title = {{Superhydrophobic states}},
journal = {Nat. Mater.},
year = {2003},
volume = {2},
number = {7},
pages = {457--460}
}

@article{Roman2010JPhysCond,
author = {Roman, B and Bico, J},
title = {{Elasto-capillarity: deforming an elastic structure with a liquid droplet}},
journal = {J. Phys. Condens. Matter},
year = {2010},
volume = {22},
number = {49},
pages = {493101}
}

@article{Flitton2004EJApplMech, 
author={Flitton, J. C. and King, J. R.},
title={Moving-boundary and fixed-domain problems for a sixth-order thin-film equation}, 
volume={15},
number={6}, 
journal={Eur. J. Appl. Math.},
year={2004}, 
pages={713–754}
}





